<?xml version="1.0" encoding="UTF-8"?><collection xmlns="http://www.loc.gov/MARC21/slim"><record><leader>00462nam--2200145-i-4500</leader><controlfield tag="001">000002067</controlfield><controlfield tag="002">20161230</controlfield><controlfield tag="005">20161230201024</controlfield><controlfield tag="008">060222s1000------------r-----000-0-eng-d</controlfield><datafield ind1=" " ind2=" " tag="080"><subfield code="a">621.313.2.001.4</subfield></datafield><datafield ind1=" " ind2=" " tag="100"><subfield code="a">Ermolin, N.P</subfield></datafield><datafield ind1=" " ind2=" " tag="245"><subfield code="a">Procese tranzitorii in masinile electrice de curent continuu.trad.din l. rusa</subfield></datafield><datafield ind1=" " ind2=" " tag="260"><subfield code="a">Bucuresti, Edit.Energetica De Stat, 1954. 156-158 P</subfield></datafield><datafield ind1=" " ind2=" " tag="490"><subfield code="a">Minist.Energiei Electrice Si Industr. Electrotehnice</subfield></datafield><datafield ind1=" " ind2=" " tag="852"><subfield code="a">3821</subfield></datafield></record></collection>